%On the unbearable lightness of FIPS 140-2 randomness tests
@ARTICLE{Smith:2020,
  author={D. {Hurley-Smith} and C. {Patsakis} and J. {Hernandez-Castro}},
  journal={IEEE Transactions on Information Forensics and Security}, 
  title={On the unbearable lightness of FIPS 140-2 randomness tests}, 
  year={2020},
  volume={},
  number={},
  pages={1-1},
  doi={10.1109/TIFS.2020.2988505}}
  
%A Statistical Test Suite for Random and Pseudorandom Number Generators for Cryptographic Applications
@ARTICLE{Rukhin:2010,
  author={A. Rukhin and J. Soto and J. Nechvatal and M. Smid and E. Barker and S. Leigh and M. Levenson and M. Vangel and D. Banks and A. Heckert and J. Dray and S. Vo},
  journal={NIST}, 
  title={A Statistical Test Suite for Random and Pseudorandom Number Generators for Cryptographic Applications}, 
  year={2010},
  volume={1a},
  number={SP800-22}}
  
  %Securing Hardware Random Number Generators against Physical Attacks
  @article{Yang:2016,
  title={Securing Hardware Random Number Generators against Physical Attacks},
  journal={KU Leuven}, 
  author={Yang, CAO},
  year={2016}
}
  
%Entropy transfers in the Linux random number generator
@article{Vuillemin:2012,
  title={Entropy transfers in the Linux random number generator},
  author={Vuillemin, Thibaut and Goichon, Fran{\c{c}}ois and Lauradoux, C{\'e}dric and Salagnac, Guillaume},
  journal={hal-00738638, version},
  pages={1--4},
  year={2012}
}

%Great Expectations: A Critique of Current Approaches to Random Number Generation Testing and Certification
@inbook{Smith:2018,
author = {Hurley-Smith, Darren and Hernandez-Castro, Julio},
year = {2018},
month = {01},
pages = {143-163},
publisher = "Research Gate",
title = {Great Expectations: A Critique of Current Approaches to Random Number Generation Testing and Certification: 4th International Conference, SSR 2018, Darmstadt, Germany, November 26-27, 2018, Proceedings},
isbn = {978-3-030-04761-0},
doi = {10.1007/978-3-030-04762-7_8}
}
  
%Real-Time Testing of True Random Number Generators Through Dynamic Reconfiguration
@INPROCEEDINGS{Hotoleanu:2010,
  author={D. {Hoţoleanu} and O. {Creţ} and A. {Suciu} and T. {Gyorfi} and L. {Văcariu}},
  booktitle={2010 13th Euromicro Conference on Digital System Design: Architectures, Methods and Tools}, 
  title={Real-Time Testing of True Random Number Generators Through Dynamic Reconfiguration}, 
  year={2010},
  volume={},
  number={},
  pages={247-250},
  doi={10.1109/DSD.2010.56}}
  
  
%RANDy-A True-Random Generator Based On Radioactive Decay
@inproceedings{Rohe:2003,
  booktitle="Security and Cryptography Research Group, Saarland University",
  title={RANDy-A True-Random Generator Based On Radioactive Decay},
  author={Markus Rohe},
  year={2003}
}

%The Intel random number generator
@article{Jun:1999,
  title={The Intel random number generator},
  author={Jun, Benjamin and Kocher, Paul},
  journal={Cryptography Research Inc. white paper},
  volume={27},
  pages={1--8},
  year={1999}
}

%A 3 $\mu$W CMOS True Random Number Generator With Adaptive Floating-Gate Offset Cancellation
@ARTICLE{Holleman:2008,
  author={J. {Holleman} and S. {Bridges} and B. P. {Otis} and C. {Diorio}},
  journal={IEEE Journal of Solid-State Circuits}, 
  title={A 3 $\mu$W CMOS True Random Number Generator With Adaptive Floating-Gate Offset Cancellation}, 
  year={2008},
  volume={43},
  number={5},
  pages={1324-1336},
  doi={10.1109/JSSC.2008.920327}}
  
  
%Random-telegraph-noise-enabled true random number generator for hardware security
@Article{Brown:2020,
author={Brown, James and Zhang, Jian Fu and Zhou, Bo and Mehedi, Mehzabeen and Freitas, Pedro and Marsland, John and Ji, Zhigang},
title={Random-telegraph-noise-enabled true random number generator for hardware security},
journal={Scientific Reports},
year={2020},
month={Oct},
day={14},
volume={10},
number={1},
pages={},
issn={2045-2322},
doi={10.1038/s41598-020-74351-y},
url={https://doi.org/10.1038/s41598-020-74351-y}
}

%Vulnerability of an RFID authentication protocol conforming to EPC Class 1 Generation 2 Standards
@article{Han:2009,
title = "Vulnerability of an RFID authentication protocol conforming to EPC Class 1 Generation 2 Standards",
journal = "Computer Standards and Interfaces",
volume = "31",
number = "4",
pages = "648 - 652",
year = "2009",
issn = "0920-5489",
doi = "https://doi.org/10.1016/j.csi.2008.06.006",
url = "http://www.sciencedirect.com/science/article/pii/S0920548908000949",
author = "Daewan Han and Daesung Kwon"
}

%True Random Number Generators
@inbook{Stipcevic:2014,
author = {Stipčević, Mario and Koç, Çetin},
publisher = "Research Gate",
year = {2014},
month = {11},
pages = {275-315},
title = {True Random Number Generators},
isbn = {978-3-319-10682-3},
doi = {10.1007/978-3-319-10683-0_12}
}
  
  
%FIPS 140-3 Transition Effort
@MANUAL{NIST:2019,
      title  = "FIPS 140-3 Transition Effort",
      author = "NIST",
      journal = "NIST",
      note   = "\url{https://csrc.nist.gov/projects/fips-140-3-transition-effort}",
      year   = "2019 (accessed November 12 2020)"
  }
  
%3 ways to prevent supply chain attacks
@MANUAL{Phelps:2019,
      title  = "3 ways to prevent supply chain attacks",
      author = "Bill Phelps",
      note   = "\url{https://www.boozallen.com/c/insight/blog/3-ways-to-prevent-supply-chain-attacks.html}",
      year   = "2019 (accessed November 20 2020)"
  }

  

  
