%On the unbearable lightness of FIPS 140-2 randomness tests
@ARTICLE{Smith:2020,
  author={D. {Hurley-Smith} and C. {Patsakis} and J. {Hernandez-Castro}},
  journal={IEEE Transactions on Information Forensics and Security}, 
  title={On the unbearable lightness of FIPS 140-2 randomness tests}, 
  year={2020},
  volume={},
  number={},
  pages={1-1},
  doi={10.1109/TIFS.2020.2988505}}
  
%A Statistical Test Suite for Random and Pseudorandom Number Generators for Cryptographic Applications
@ARTICLE{Rukhin:2010,
  author={A. Rukhin and J. Soto and J. Nechvatal and M. Smid and E. Barker and S. Leigh and M. Levenson and M. Vangel and D. Banks and A. Heckert and J. Dray and S. Vo},
  journal={NIST}, 
  title={A Statistical Test Suite for Random and Pseudorandom Number Generators for Cryptographic Applications}, 
  year={2010},
  volume={1a},
  number={SP800-22}}
  
  %Securing Hardware Random Number Generators against Physical Attacks
  @article{Yang:2016,
  title={Securing Hardware Random Number Generators against Physical Attacks},
  journal={KU Leuven}, 
  author={Yang, CAO},
  year={2016}
}
  
%Entropy transfers in the Linux random number generator
@article{Vuillemin:2012,
  title={Entropy transfers in the Linux random number generator},
  author={Vuillemin, Thibaut and Goichon, Fran{\c{c}}ois and Lauradoux, C{\'e}dric and Salagnac, Guillaume},
  journal={hal-00738638, version},
  pages={1--4},
  year={2012}
}

%Great Expectations: A Critique of Current Approaches to Random Number Generation Testing and Certification
@inbook{Smith:2018,
author = {Hurley-Smith, Darren and Hernandez-Castro, Julio},
year = {2018},
month = {01},
pages = {143-163},
publisher = "Research Gate",
title = {Great Expectations: A Critique of Current Approaches to Random Number Generation Testing and Certification: 4th International Conference, SSR 2018, Darmstadt, Germany, November 26-27, 2018, Proceedings},
isbn = {978-3-030-04761-0},
doi = {10.1007/978-3-030-04762-7_8}
}
  
%Real-Time Testing of True Random Number Generators Through Dynamic Reconfiguration
@INPROCEEDINGS{Hotoleanu:2010,
  author={D. {Hoţoleanu} and O. {Creţ} and A. {Suciu} and T. {Gyorfi} and L. {Văcariu}},
  booktitle={2010 13th Euromicro Conference on Digital System Design: Architectures, Methods and Tools}, 
  title={Real-Time Testing of True Random Number Generators Through Dynamic Reconfiguration}, 
  year={2010},
  volume={},
  number={},
  pages={247-250},
  doi={10.1109/DSD.2010.56}}
  
  
%RANDy-A True-Random Generator Based On Radioactive Decay
@inproceedings{Rohe:2003,
  booktitle="Security and Cryptography Research Group, Saarland University",
  title={RANDy-A True-Random Generator Based On Radioactive Decay},
  author={Markus Rohe},
  year={2003}
}

%The Intel random number generator
@article{Jun:1999,
  title={The Intel random number generator},
  author={Jun, Benjamin and Kocher, Paul},
  journal={Cryptography Research Inc. white paper},
  volume={27},
  pages={1--8},
  year={1999}
}

%A 3 $\mu$W CMOS True Random Number Generator With Adaptive Floating-Gate Offset Cancellation
@ARTICLE{Holleman:2008,
  author={J. {Holleman} and S. {Bridges} and B. P. {Otis} and C. {Diorio}},
  journal={IEEE Journal of Solid-State Circuits}, 
  title={A 3 $\mu$W CMOS True Random Number Generator With Adaptive Floating-Gate Offset Cancellation}, 
  year={2008},
  volume={43},
  number={5},
  pages={1324-1336},
  doi={10.1109/JSSC.2008.920327}}
  
  
%Random-telegraph-noise-enabled true random number generator for hardware security
@Article{Brown:2020,
author={Brown, James and Zhang, Jian Fu and Zhou, Bo and Mehedi, Mehzabeen and Freitas, Pedro and Marsland, John and Ji, Zhigang},
title={Random-telegraph-noise-enabled true random number generator for hardware security},
journal={Scientific Reports},
year={2020},
month={Oct},
day={14},
volume={10},
number={1},
pages={},
issn={2045-2322},
doi={10.1038/s41598-020-74351-y},
url={https://doi.org/10.1038/s41598-020-74351-y}
}

%Vulnerability of an RFID authentication protocol conforming to EPC Class 1 Generation 2 Standards
@article{Han:2009,
title = "Vulnerability of an RFID authentication protocol conforming to EPC Class 1 Generation 2 Standards",
journal = "Computer Standards and Interfaces",
volume = "31",
number = "4",
pages = "648 - 652",
year = "2009",
issn = "0920-5489",
doi = "https://doi.org/10.1016/j.csi.2008.06.006",
url = "http://www.sciencedirect.com/science/article/pii/S0920548908000949",
author = "Daewan Han and Daesung Kwon"
}

%True Random Number Generators
@inbook{Stipcevic:2014,
author = {Stipčević, Mario and Koç, Çetin},
publisher = "Research Gate",
year = {2014},
month = {11},
pages = {275-315},
title = {True Random Number Generators},
isbn = {978-3-319-10682-3},
doi = {10.1007/978-3-319-10683-0_12}
}


%A random number generator for lightweight authentication protocols: xorshiftR+
@article{Cabuk:2017,
author = {Çabuk, Umut and Aydın, Ömer and Dalkılıç, Gökhan},
year = {2017},
month = {12},
pages = {31},
title = {A random number generator for lightweight authentication protocols: xorshiftR+},
volume = {25},
journal = {Turkish Journal of Electrical Engineering and Computer Sciences},
doi = {10.3906/elk-1703-361}
}

%Use quantum random number generator in Diffie-Hellman key exchange protocol
@INPROCEEDINGS{Mogos:2016,  
author={G. {Mogos}},
booktitle={2016 IEEE International Conference on Automation, Quality and Testing, Robotics (AQTR)},
title={Use quantum random number generator in Diffie-Hellman key exchange protocol},
year={2016},
volume={},  
number={},  
pages={1-6},  
doi={10.1109/AQTR.2016.7501290}}

%A Random Number Generator Using Ring Oscillators and SHA-256 as Post-Processing
@article{Loza:2015,
author = {Łoza, Szymon and Matuszewski, Łukasz and Jessa, Mieczysław},
year = {2015},
month = {06},
pages = {},
title = {A Random Number Generator Using Ring Oscillators and SHA-256 as Post-Processing},
volume = {61},
journal = {International Journal of Electronics and Telecommunications},
doi = {10.1515/eletel-2015-0026}
}

%The Importance of Entropy to Information Security
@ARTICLE{Vassilev:2014,
  author={A. {Vassilev} and T. A. {Hall}},
  journal={Computer}, 
  title={The Importance of Entropy to Information Security}, 
  year={2014},
  volume={47},
  number={2},
  pages={78-81},
  doi={10.1109/MC.2014.47}
}

%Maintaining Cyber Security: Implications, Cost and Returns
@inproceedings{Kesswani:2015,
author = {Kesswani, Nishtha and Kumar, Sanjay},
title = {Maintaining Cyber Security: Implications, Cost and Returns},
year = {2015},
isbn = {9781450335577},
publisher = {Association for Computing Machinery},
address = {New York, NY, USA},
url = {https://doi.org/10.1145/2751957.2751976},
doi = {10.1145/2751957.2751976},
booktitle = {Proceedings of the 2015 ACM SIGMIS Conference on Computers and People Research},
pages = {161–164},
numpages = {4},
keywords = {gordon &amp; loeb approach, annual loss expectancy approach, net present value approach, cost benefit analysis},
location = {Newport Beach, California, USA},
series = {SIGMIS-CPR '15}
}


%A New Lightweight CSPRNG Implemented in a 0.18μm CMOS Technology
@INPROCEEDINGS{Bosque:2019,
  author={M. {Garcia-Bosque} and G. {Díez-Señorans} and A. {Pérez-Resa} and C. {Sánchez-Azqueta} and C. {Aldea} and S. {Celma}},
  booktitle={2019 15th Conference on Ph.D Research in Microelectronics and Electronics (PRIME)}, 
  title={A New Lightweight CSPRNG Implemented in a 0.18microm CMOS Technology}, 
  year={2019},
  volume={},
  number={},
  pages={221-224},
  doi={10.1109/PRIME.2019.8787798}}
  
%A Photonic-based Random Number Generator for Cryptographic Application
@INPROCEEDINGS{Thamrin:2008,
  author={N. M. {Thamrin} and G. {Witjaksono} and A. {Nuruddin} and M. S. {Abdullah}},
  booktitle={2008 Ninth ACIS International Conference on Software Engineering, Artificial Intelligence, Networking, and Parallel/Distributed Computing}, 
  title={A Photonic-based Random Number Generator for Cryptographic Application}, 
  year={2008},
  volume={},
  number={},
  pages={356-361},
  doi={10.1109/SNPD.2008.151}}

%True Random Number Generators Using Electrical Noise
@ARTICLE{Gong:2019,
  author={L. {Gong} and J. {Zhang} and H. {Liu} and L. {Sang} and Y. {Wang}},
  journal={IEEE Access}, 
  title={True Random Number Generators Using Electrical Noise}, 
  year={2019},
  volume={7},
  number={},
  pages={125796-125805},
  doi={10.1109/ACCESS.2019.2939027}}
  
%TRNG (True Random Number Generator) Method Using Visible Spectrum for Secure Communication on 5G Network
@article{Lee:2018,
author = {Lee, Kyungroul and Lee, Sunyoung and Seo, Changho and Yim, Kangbin},
year = {2018},
month = {01},
pages = {1-1},
title = {TRNG (True Random Number Generator) Method Using Visible Spectrum for Secure Communication on 5G Network},
volume = {PP},
journal = {IEEE Access},
doi = {10.1109/ACCESS.2018.2799682}
}

%When Private Keys Are Public: Results from the 2008 Debian OpenSSL Vulnerability
@inproceedings{Yilek:2009,
author = {Yilek, Scott and Rescorla, Eric and Shacham, Hovav and Enright, Brandon and Savage, Stefan},
title = {When Private Keys Are Public: Results from the 2008 Debian OpenSSL Vulnerability},
year = {2009},
isbn = {9781605587714},
publisher = {Association for Computing Machinery},
address = {New York, NY, USA},
url = {https://doi.org/10.1145/1644893.1644896},
doi = {10.1145/1644893.1644896},
booktitle = {Proceedings of the 9th ACM SIGCOMM Conference on Internet Measurement},
pages = {15–27},
numpages = {13},
keywords = {debian, attacks, prng, survey, openssl, entropy},
location = {Chicago, Illinois, USA},
series = {IMC '09}
}

%Hedged Public-Key Encryption: How to Protect against Bad Randomness
@InProceedings{Bellare:2009,
author="Bellare, Mihir
and Brakerski, Zvika
and Naor, Moni
and Ristenpart, Thomas
and Segev, Gil
and Shacham, Hovav
and Yilek, Scott",
editor="Matsui, Mitsuru",
title="Hedged Public-Key Encryption: How to Protect against Bad Randomness",
booktitle="Advances in Cryptology -- ASIACRYPT 2009",
year="2009",
publisher="Springer Berlin Heidelberg",
address="Berlin, Heidelberg",
pages="232--249",
isbn="978-3-642-10366-7"
}

%Welcome to the Entropics: Boot-Time Entropy in Embedded Devices
@INPROCEEDINGS{Mowery:2013,
  author={K. {Mowery} and M. {Wei} and D. {Kohlbrenner} and H. {Shacham} and S. {Swanson}},
  booktitle={2013 IEEE Symposium on Security and Privacy}, 
  title={Welcome to the Entropics: Boot-Time Entropy in Embedded Devices}, 
  year={2013},
  volume={},
  number={},
  pages={589-603},
  doi={10.1109/SP.2013.46}}
  
%Characterization of Real-Life PRNGs under Partial State Corruption
@inproceedings{Cornejo:2014,
author = {Cornejo, Mario and Ruhault, Sylvain},
title = {Characterization of Real-Life PRNGs under Partial State Corruption},
year = {2014},
isbn = {9781450329576},
publisher = {Association for Computing Machinery},
address = {New York, NY, USA},
url = {https://doi.org/10.1145/2660267.2660377},
doi = {10.1145/2660267.2660377},
booktitle = {Proceedings of the 2014 ACM SIGSAC Conference on Computer and Communications Security},
pages = {1004–1015},
numpages = {12},
keywords = {security models, java, android, randomness, openssl},
location = {Scottsdale, Arizona, USA},
series = {CCS '14}
}


%Fisher, R. A., and F. Yates: Statistical Tables for Biological, Agricultural and Medical Research
@article{Toutenburg:1971,
author = {Toutenburg, H.},
title = {Fisher, R. A., and F. Yates: Statistical Tables for Biological, Agricultural and Medical Research. 6th Ed. Oliver \& Boyd, Edinburgh and London 1963. X, 146 P. Preis 42 s net},
journal = {Biometrische Zeitschrift},
volume = {13},
number = {4},
pages = {285-285},
doi = {https://doi.org/10.1002/bimj.19710130413},
url = {https://onlinelibrary.wiley.com/doi/abs/10.1002/bimj.19710130413},
eprint = {https://onlinelibrary.wiley.com/doi/pdf/10.1002/bimj.19710130413},
year = {1971}
}

%Stealthy Dopant-Level Hardware Trojans
@inproceedings{Becker:2020,
author = {Becker, Georg and Regazzoni, Francesco and Paar, Christof and Burleson, Wayne},
year = {2013},
month = {08},
pages = {197-214},
title = {Stealthy Dopant-Level Hardware Trojans},
booktitle = "Proceedings of the 15th international conference on Cryptographic Hardware and Embedded Systems",
isbn = {978-3-642-40348-4},
doi = {10.1007/978-3-642-40349-1_12}
}

%Managing the Risk of Supply Chain Disruption: Towards a Resilient Approach of Supply Chain Management
@INPROCEEDINGS{Xu:2008,
  author={J. {Xu}},
  booktitle={2008 ISECS International Colloquium on Computing, Communication, Control, and Management}, 
  title={Managing the Risk of Supply Chain Disruption: Towards a Resilient Approach of Supply Chain Management}, 
  year={2008},
  volume={3},
  number={},
  pages={3-7},
  doi={10.1109/CCCM.2008.9}}
  
%TestU01: A C library for empirical testing of random number generators
@article{Ecuyer:2007,
  title={TestU01: A C library for empirical testing of random number generators},
  author={P. L'Ecuyer and R. Simard},
  journal={ACM Trans. Math. Softw.},
  year={2007},
  volume={33},
  pages={22:1-22:40}
}
  
  %Can a computer generate a truly random number?
@MANUAL{Rubin:2011,
      title  = "Can a computer generate a truly random number?",
      author = "Jason M. Rubin",
      journal = "MIT: School of Engineering",
      note   = "\url{https://engineering.mit.edu/engage/ask-an-engineer/can-a-computer-generate-a-truly-random-number/}",
      year   = "Nov 1, 2011 (accessed March 2021)"
  }
  
  

%Chaoskey - A Hardware Random Number Generator for Everyone
@MANUAL{Garbee:2016,
      title  = "Chaoskey - A Hardware Random Number Generator for Everyone",
      author = "Garbee, Bdale and Packard, Keith",
      journal = "Deb Conference 2016 Cape Town",
      note   = "\url{https://debconf16.debconf.org/talks/94/}",
      year   = "Jul 09, 2016 (accessed March 2021)"
  }

%TestU01: A Software Library in ANSI C for Empirical Testing of Random Number Generators
@MANUAL{Ecuyer:2013,
      title  = "TestU01: A Software Library in ANSI C for Empirical Testing of Random Number Generators",
      author = "Pierre L’Ecuyer and Richard Simard",
      journal = "D´epartement d’Informatique et de Recherche Op´erationnelle
Universit´e de Montr´eal",
      note   = "\url{http://simul.iro.umontreal.ca/testu01/guideshorttestu01.pdf}",
      year   = "May 16, 2013 (accessed March 2021)"
  }

%How to shuffle songs - Spotify
@MANUAL{Polacek:2014,
      title  = "How to shuffle songs?",
      author = "Poláček, Lukáš",
      journal = "Spotify Engineering",
      note   = "\url{https://engineering.atspotify.com/2014/02/28/how-to-shuffle-songs/}",
      year   = "February 28, 2014 (accessed February 2021)"
  }

  
%Evaluation of random number generators
@MANUAL{BSI:2013,
      title  = "Evaluation of random number generators",
      author = "Bundesamt für Sicherheit in der Informationstechnik",
      note   = "\url{https://www.bsi.bund.de/SharedDocs/Downloads/DE/BSI/Zertifizierung/Interpretationen/AIS_20_AIS_31_Evaluation_of_random_number_generators_e.pdf?__blob=publicationFile&v=1}",
      year   = "2013 (accessed February 2021)"
  }
  
%44CON GPS TRACKERS
@MANUAL{Gee:2019,
      title  = "44CON: GPS Trackers Hacked to Make Premium Rate Calls",
      author = "Raywood, Dan and Gee, Tony",
      note   = "\url{https://www.infosecurity-magazine.com/news/44con-gps-trackers/}",
      year   = "2019 (accessed February 10 2021)"
  }
  
  %Myths about urandom
@MANUAL{Huhn:2014,
      title  = "Myths about urandom",
      author = "Thomas Hühn",
      journal = "2uo",
      note   = "\url{https://www.2uo.de/myths-about-urandom/}",
      year   = "2014 (accessed November 2020)"
  }
 
    
%FIPS 140-3 SECURITY REQUIREMENTS FOR CRYPTOGRAPHIC MODULES
@MANUAL{NIST2:2019,
      title  = "FIPS 140-3 SECURITY REQUIREMENTS FOR CRYPTOGRAPHIC MODULES",
      author = "NIST",
      journal = "NIST",
      note   = "\url{https://nvlpubs.nist.gov/nistpubs/FIPS/NIST.FIPS.140-3.pdf}",
      year   = "2019 (accessed December 2020)"
  }
  
%FIPS 140-3 Transition Effort
@MANUAL{NIST:2019,
      title  = "FIPS 140-3 Transition Effort",
      author = "NIST",
      journal = "NIST",
      note   = "\url{https://csrc.nist.gov/projects/fips-140-3-transition-effort}",
      year   = "2019 (accessed November 12 2020)"
  }
  
%3 ways to prevent supply chain attacks
@MANUAL{Phelps:2019,
      title  = "3 ways to prevent supply chain attacks",
      author = "Bill Phelps",
      note   = "\url{https://www.boozallen.com/c/insight/blog/3-ways-to-prevent-supply-chain-attacks.html}",
      year   = "2019 (accessed November 20 2020)"
  }
  
%BCS Code of Conduct
@MANUAL{BCS:2020,
      title  = "BCS Code of Conduct",
      author = "British Computing Society",
      note   = "\url{https://www.bcs.org/media/2211/bcs-code-of-conduct.pdf}",
      year   = "2020 (accessed November 20 2020)"
  }
  
  %Code of Good Practice for Research
@MANUAL{RHCGPR:2020,
      title  = "Code of Good Practice for Research",
      author = "Royal Holloway, University of London",
      note   = "\url{https://intranet.royalholloway.ac.uk/iquad/collegepolicies/documents/pdf/research/codeofgoodresearchpractice.pdf}",
      year   = "2020 (accessed March 20 2020)"
  }

  

  
